%Copyright (c) 2013, Arnaud Poret
%All rights reserved.

@article{lindsay2003target,
    title={Target discovery},
    author={Lindsay, Mark A},
    journal={Nature Reviews Drug Discovery},
    volume={2},
    number={10},
    pages={831--838},
    year={2003},
    publisher={Nature Publishing Group}
}
@article{knowles2003target,
    title={Target selection in drug discovery},
    author={Knowles, Jonathan and Gromo, Gianni},
    journal={Nature Reviews Drug Discovery},
    volume={2},
    number={1},
    pages={63--69},
    year={2003},
    publisher={Nature Publishing Group}
}
@article{imming2006drugs,
    title={Drugs, their targets and the nature and number of drug targets},
    author={Imming, Peter and Sinning, Christian and Meyer, Achim},
    journal={Nature reviews Drug discovery},
    volume={5},
    number={10},
    pages={821--834},
    year={2006},
    publisher={Nature Publishing Group}
}
@article{zimmermann2007multi,
    title={Multi-target therapeutics: when the whole is greater than the sum of the parts},
    author={Zimmermann, Grant R and Lehar, Joseph and Keith, Curtis T},
    journal={Drug discovery today},
    volume={12},
    number={1},
    pages={34--42},
    year={2007},
    publisher={Elsevier}
}
@article{ohlstein2000drug,
    title={Drug discovery in the next millennium},
    author={Ohlstein, Eliot H and Ruffolo Jr, Robert R and Elliott, John D},
    journal={Annual review of pharmacology and toxicology},
    volume={40},
    number={1},
    pages={177--191},
    year={2000},
    publisher={Annual Reviews 4139 El Camino Way, PO Box 10139, Palo Alto, CA 94303-0139, USA}
}
@article{gibbs2000mechanism,
    title={Mechanism-based target identification and drug discovery in cancer research},
    author={Gibbs, Jackson B},
    journal={Science},
    volume={287},
    number={5460},
    pages={1969--1973},
    year={2000},
    publisher={American Association for the Advancement of Science}
}
@article{kaitin2010deconstructing,
    title={Deconstructing the drug development process: the new face of innovation},
    author={Kaitin, KI},
    journal={Clinical Pharmacology \& Therapeutics},
    volume={87},
    number={3},
    pages={356--361},
    year={2010},
    publisher={Nature Publishing Group}
}
@article{ma2010silico,
    title={In-silico approaches to multi-target drug discovery},
    author={Ma, Xiao Hua and Shi, Zhe and Tan, Chunyan and Jiang, Yuyang and Go, Mei Lin and Low, Boon Chuan and Chen, Yu Zong},
    journal={Pharmaceutical research},
    volume={27},
    number={5},
    pages={739--749},
    year={2010},
    publisher={Springer}
}
@article{noble1999biological,
    title={Biological simulations in drug discovery},
    author={Noble, Denis and Levin, Jeremy and Scott, William},
    journal={Drug Discovery Today},
    volume={4},
    number={1},
    pages={10--16},
    year={1999},
    publisher={Elsevier}
}
@article{chen2002ttd,
    title={TTD: therapeutic target database},
    author={Chen, Xin and Ji, Zhi Liang and Chen, Yu Zong},
    journal={Nucleic acids research},
    volume={30},
    number={1},
    pages={412--415},
    year={2002},
    publisher={Oxford Univ Press}
}
@article{whirl2012pharmacogenomics,
    title={Pharmacogenomics knowledge for personalized medicine},
    author={Whirl-Carrillo, M and McDonagh, EM and Hebert, JM and Gong, L and Sangkuhl, K and Thorn, CF and Altman, RB and Klein, Teri E},
    journal={Clinical Pharmacology \& Therapeutics},
    volume={92},
    number={4},
    pages={414--417},
    year={2012},
    publisher={Nature Publishing Group}
}
@article{kanehisa2000kegg,
    title={KEGG: kyoto encyclopedia of genes and genomes},
    author={Kanehisa, Minoru and Goto, Susumu},
    journal={Nucleic acids research},
    volume={28},
    number={1},
    pages={27--30},
    year={2000},
    publisher={Oxford Univ Press}
}
@article{croft2011reactome,
    title={Reactome: a database of reactions, pathways and biological processes},
    author={Croft, David and Oâ€™Kelly, Gavin and Wu, Guanming and Haw, Robin and Gillespie, Marc and Matthews, Lisa and Caudy, Michael and Garapati, Phani and Gopinath, Gopal and Jassal, Bijay and others},
    journal={Nucleic acids research},
    volume={39},
    number={suppl 1},
    pages={D691--D697},
    year={2011},
    publisher={Oxford Univ Press}
}
@article{wishart2008drugbank,
    title={DrugBank: a knowledgebase for drugs, drug actions and drug targets},
    author={Wishart, David S and Knox, Craig and Guo, An Chi and Cheng, Dean and Shrivastava, Savita and Tzur, Dan and Gautam, Bijaya and Hassanali, Murtaza},
    journal={Nucleic acids research},
    volume={36},
    number={suppl 1},
    pages={D901--D906},
    year={2008},
    publisher={Oxford Univ Press}
}
@article{kitano2002systems,
    title={Systems biology: a brief overview},
    author={Kitano, Hiroaki},
    journal={Science},
    volume={295},
    number={5560},
    pages={1662--1664},
    year={2002},
    publisher={American Association for the Advancement of Science}
}
@article{kitano2002computational,
    title={Computational systems biology},
    author={Kitano, Hiroaki},
    journal={Nature},
    volume={420},
    number={6912},
    pages={206--210},
    year={2002},
    publisher={Nature Publishing Group}
}
@article{di2006vivo,
    title={From in vivo to in silico biology and back},
    author={Di Ventura, Barbara and Lemerle, Caroline and Michalodimitrakis, Konstantinos and Serrano, Luis},
    journal={Nature},
    volume={443},
    number={7111},
    pages={527--533},
    year={2006},
    publisher={Nature Publishing Group}
}
@article{bornholdt2008boolean,
    title={Boolean network models of cellular regulation: prospects and limitations},
    author={Bornholdt, Stefan},
    journal={Journal of the Royal Society Interface},
    volume={5},
    number={Suppl 1},
    pages={S85--S94},
    year={2008},
    publisher={The Royal Society}
}
@article{huang2000shape,
    title={Shape-dependent control of cell growth, differentiation, and apoptosis: switching between attractors in cell regulatory networks},
    author={Huang, Sui and Ingber, Donald E},
    journal={Experimental cell research},
    volume={261},
    number={1},
    pages={91--103},
    year={2000},
    publisher={Elsevier}
}
@article{davidich2008boolean,
    title={Boolean network model predicts cell cycle sequence of fission yeast},
    author={Davidich, Maria I and Bornholdt, Stefan},
    journal={PLoS One},
    volume={3},
    number={2},
    pages={e1672},
    year={2008},
    publisher={Public Library of Science}
}
@article{faure2006dynamical,
    title={Dynamical analysis of a generic Boolean model for the control of the mammalian cell cycle},
    author={Faur{\'e}, Adrien and Naldi, Aur{\'e}lien and Chaouiya, Claudine and Thieffry, Denis},
    journal={Bioinformatics},
    volume={22},
    number={14},
    pages={e124--e131},
    year={2006},
    publisher={Oxford Univ Press}
}
@article{fumia2013boolean,
    title={Boolean Network Model for Cancer Pathways: Predicting Carcinogenesis and Targeted Therapy Outcomes},
    author={Fumi{\~a}, Herman F and Martins, Marcelo L},
    journal={PloS one},
    volume={8},
    number={7},
    pages={e69008},
    year={2013},
    publisher={Public Library of Science}
}
@article{creixell2012navigating,
    title={Navigating cancer network attractors for tumor-specific therapy},
    author={Creixell, Pau and Schoof, Erwin M and Erler, Janine T and Linding, Rune},
    journal={Nature biotechnology},
    volume={30},
    number={9},
    pages={842--848},
    year={2012},
    publisher={Nature Publishing Group}
}
@article{baverstock2011comparison,
    title={A comparison of two cell regulatory models entailing high dimensional attractors representing phenotype},
    author={Baverstock, Keith},
    journal={Progress in Biophysics and Molecular Biology},
    volume={106},
    number={2},
    pages={443--449},
    year={2011},
    publisher={Elsevier}
}
@article{wynn2012logic,
    title={Logic-based models in systems biology: a predictive and parameter-free network analysis method},
    author={Wynn, Michelle L and Consul, Nikita and Merajver, Sofia D and Schnell, Santiago},
    journal={Integrative Biology},
    volume={4},
    number={11},
    pages={1323--1337},
    year={2012},
    publisher={Royal Society of Chemistry}
}
@article{garg2008synchronous,
    title={Synchronous versus asynchronous modeling of gene regulatory networks},
    author={Garg, Abhishek and Di Cara, Alessandro and Xenarios, Ioannis and Mendoza, Luis and De Micheli, Giovanni},
    journal={Bioinformatics},
    volume={24},
    number={17},
    pages={1917--1925},
    year={2008},
    publisher={Oxford Univ Press}
}
@article{zhu2007getting,
    title={Getting connected: analysis and principles of biological networks},
    author={Zhu, Xiaowei and Gerstein, Mark and Snyder, Michael},
    journal={Genes \& development},
    volume={21},
    number={9},
    pages={1010--1024},
    year={2007},
    publisher={Cold Spring Harbor Lab}
}
@article{saadatpour2012boolean,
    title={Boolean modeling of biological regulatory networks: a methodology tutorial},
    author={Saadatpour, Assieh and Albert, R{\'e}ka},
    journal={Methods},
    year={2012},
    publisher={Elsevier}
}
@article{zheng2013efficient,
    title={An Efficient Algorithm for Computing Attractors of Synchronous And Asynchronous Boolean Networks},
    author={Zheng, Desheng and Yang, Guowu and Li, Xiaoyu and Wang, Zhicai and Liu, Feng and He, Lei},
    journal={PloS one},
    volume={8},
    number={4},
    pages={e60593},
    year={2013},
    publisher={Public Library of Science}
}
@article{sherr2002rb,
    title={The RB and p53 pathways in cancer},
    author={Sherr, Charles J and McCormick, Frank},
    journal={Cancer cell},
    volume={2},
    number={2},
    pages={103--112},
    year={2002},
    publisher={Elsevier}
}
@article{saadatpour2010attractor,
    title={Attractor analysis of asynchronous Boolean models of signal transduction networks},
    author={Saadatpour, Assieh and Albert, Istv{\'a}n and Albert, R{\'e}ka},
    journal={Journal of theoretical biology},
    volume={266},
    number={4},
    pages={641--656},
    year={2010},
    publisher={Elsevier}
}
@article{zadeh1988fuzzy,
    title={Fuzzy logic},
    author={Zadeh, Lotfi Asker},
    journal={Computer},
    volume={21},
    number={4},
    pages={83--93},
    year={1988},
    publisher={IEEE}
}
